@misc{Urbanč_mfpDN1,
  title={Difuzija tekočin},
  url={https://github.com/pengu5055/FizPrakV/blob/master/Source/DIF/MarkoUrbanc_DIF.pdf},
  journal={Marko’s Chest},
  author={Urbanč, Marko},
  year={2022},
  month={Jan}
}
