
@online{noauthor_cobalt-60_nodate,
	title = {Cobalt-60 Spectrum {\textbar} nuclear-power.com},
	url = {https://www.nuclear-power.com/nuclear-engineering/radiation-detection/gamma-spectroscopy/cobalt-60-spectrum/},
	abstract = {The gamma spectrum in the example belongs to cobalt-60 measured by {NaI}(Tl) scintillation detector and by the {HPGe} detector. Cobalt-60 Spectrum},
	titleaddon = {Nuclear Power},
	urldate = {2024-12-16},
	langid = {english},
	keywords = {07gamma},
	file = {Snapshot:/home/krobin/Zotero/storage/LHDA48ZT/cobalt-60-spectrum.html:text/html},
}

@online{noauthor_rich_2020,
	title = {The Rich Physics of Cs-137 Gamma Spectrum},
	url = {https://maximus.energy/index.php/2020/10/24/the-rich-physics-of-cs-137-gamma-spectrum/},
	abstract = {The process of beta decay is an extremely fascinating phenomenon. I cannot think of any other physical process that is so rich in fundamental physics. Please allow me to elaborate. 137Cs Decay Modeâ€¦},
	titleaddon = {Maximus Energy},
	urldate = {2024-12-16},
	date = {2020-10-24},
	langid = {american},
	keywords = {07gamma},
}
