
@online{webplotdigitizer,
	title = {{WebPlotDigitizer} - Copyright 2010-2024 Ankit Rohatgi},
	url = {https://apps.automeris.io/wpd4/},
	urldate = {2024-11-30},
	keywords = {05nmr},
	file = {WebPlotDigitizer - Copyright 2010-2024 Ankit Rohatgi:/home/krobin/Zotero/storage/8GIIBBFW/wpd4.html:text/html},
}
