
@misc{daken_smectic_2022,
	title = {Smectic {Liquid} {Crystal}: {The} {Full} {Introduction} {From} {Dakenchem}},
	shorttitle = {Smectic {Liquid} {Crystal}},
	url = {https://www.dakenchem.com/smectic-liquid-crystal/},
	abstract = {One variety of liquid crystal has well-defined layers of molecules that can slide over one another: smectic liquid crystals.},
	language = {en-US},
	urldate = {2024-10-21},
	journal = {Electronic Chemicals Supplier Daken Chem},
	author = {Daken},
	month = dec,
	year = {2022},
	keywords = {FP5},
	file = {Snapshot:/home/krobin/Zotero/storage/79SVDXBB/smectic-liquid-crystal.html:text/html},
}
