
@online{noauthor_air_nodate,
	title = {Air Density Calculator {\textbar} What is Air's Density?},
	url = {https://www.calctool.org/atmospheric-thermodynamics/air-density},
	abstract = {Use the online air density calculator to find out the density of air at any given temperature and pressure.},
	urldate = {2024-11-24},
	langid = {english},
	keywords = {{FP}5-xrays},
	file = {Snapshot:/home/krobin/Zotero/storage/NZBLJ6T2/air-density.html:text/html},
}
